@article{easton2007quantum,
  title={The quantum mechanical tipping pencilâ€”a caution for physics teachers},
  author={Easton, Don},
  journal={European Journal of Physics},
  volume={28},
  number={6},
  pages={1097},
  year={2007},
  publisher={IOP Publishing}
}