@article{easton2007quantum,
  title={The quantum mechanical tipping pencil -- a caution for physics teachers},
  author={Easton, Don},
  journal={European Journal of Physics},
  volume={28},
  number={6},
  pages={1097},
  year={2007},
  publisher={IOP Publishing}
}

@article{chandrasekhar1984stars,
	title={On stars, their evolution and their stability},
	author={Chandrasekhar, Subrahmanyan},
	journal={Reviews of modern physics},
	volume={56},
	number={2},
	pages={137},
	year={1984},
	publisher={APS}
}